<bibRecord>
    <bib>
        <owningInstitutionId>NYPL</owningInstitutionId>
        <owningInstitutionBibId>.b103167136</owningInstitutionBibId>
        <content>
            <collection xmlns="http://www.loc.gov/MARC21/slim">
                <record>
                    <controlfield tag="001">NYPG764793254-S</controlfield>
                    <controlfield tag="003">CStRLIN</controlfield>
                    <controlfield tag="005">19990702085123.3</controlfield>
                    <controlfield tag="008">761116c19749999it mr lwg 0 0ita</controlfield>
                    <datafield ind1=" " ind2=" " tag="010">
                        <subfield code="a">75645004</subfield>
                    </datafield>
                    <datafield ind1=" " ind2=" " tag="040">
                        <subfield code="c">NN</subfield>
                        <subfield code="d">NN</subfield>
                        <subfield code="d">WaOLN</subfield>
                    </datafield>
                    <datafield ind1=" " ind2=" " tag="043">
                        <subfield code="a">e-it---</subfield>
                    </datafield>
                    <datafield ind1="0" ind2="0" tag="245">
                        <subfield code="a">Lavoro e previdenza oggi.</subfield>
                    </datafield>
                    <datafield ind1=" " ind2=" " tag="260">
                        <subfield code="a">[Milano]</subfield>
                        <subfield code="b">Giuffrè.</subfield>
                    </datafield>
                    <datafield ind1="0" ind2="0" tag="299">
                        <subfield code="a">Lavoro e previdenza oggi.</subfield>
                    </datafield>
                    <datafield ind1=" " ind2=" " tag="300">
                        <subfield code="a">v.</subfield>
                        <subfield code="c">24 cm.</subfield>
                    </datafield>
                    <datafield ind1=" " ind2=" " tag="310">
                        <subfield code="a">Monthly</subfield>
                    </datafield>
                    <datafield ind1="0" ind2=" " tag="362">
                        <subfield code="a">anno 1- genn. 1974-</subfield>
                    </datafield>
                    <datafield ind1="1" ind2=" " tag="590">
                        <subfield code="a">SUBSCRIPTION CANCELLED.</subfield>
                    </datafield>
                    <datafield ind1=" " ind2="0" tag="650">
                        <subfield code="a">Labor laws and legislation</subfield>
                        <subfield code="z">Italy</subfield>
                        <subfield code="v">Periodicals.</subfield>
                    </datafield>
                    <datafield ind1=" " ind2="0" tag="650">
                        <subfield code="a">Social security</subfield>
                        <subfield code="x">Law and legislation</subfield>
                        <subfield code="z">Italy</subfield>
                        <subfield code="v">Periodicals.</subfield>
                    </datafield>
                    <datafield ind1="0" ind2=" " tag="799">
                        <subfield code="a">Gift of the DeWitt Wallace Endowment Fund, named in honor of the founder of
                            Reader's Digest
                        </subfield>
                    </datafield>
                    <datafield ind1=" " ind2=" " tag="907">
                        <subfield code="a">.b103167136</subfield>
                        <subfield code="c">s</subfield>
                        <subfield code="d">a</subfield>
                        <subfield code="e">-</subfield>
                        <subfield code="f">ita</subfield>
                        <subfield code="g">it</subfield>
                        <subfield code="h">0</subfield>
                        <subfield code="i">105</subfield>
                    </datafield>
                    <datafield ind1=" " ind2=" " tag="952">
                        <subfield code="h">JFL 95-141</subfield>
                    </datafield>
                    <datafield ind1=" " ind2=" " tag="991">
                        <subfield code="y">2242204</subfield>
                    </datafield>
                    <datafield ind1=" " ind2=" " tag="035">
                        <subfield code="a">(OCoLC)2242204</subfield>
                    </datafield>
                    <leader>15670cas a2202809 450000</leader>
                </record>
            </collection>
        </content>
    </bib>
    <holdings>
        <holding>
            <owningInstitutionHoldingsId>.c11316020.c11333133.c11349165.c11365225.c11304777.c10638106</owningInstitutionHoldingsId>
            <content>
                <collection xmlns="http://www.loc.gov/MARC21/slim">
                    <record>
                        <datafield ind1=" " ind2="8" tag="852">
                            <subfield code="b">rc2ma</subfield>
                            <subfield code="h">JFL 95-141</subfield>
                        </datafield>
                        <datafield ind1=" " ind2=" " tag="866">
                            <subfield code="a">v. 5 (July-Dec 1978), v. 6 (Jan-Mar 1979), v. 6 (Apr-July 1979), v. 9
                                (Oct-Dec 1982), v. 10 (Jan-Apr 1983), v. 7 (Jan-Mar 1980), v. 7 (Apr-June 1980), v. 7
                                (Aug-Dec 1980), v. 8 (Jan-Apr 1981), v. 8 (May-July 1981), v. 8 (Aug-Dec 1981), v. 9
                                (Jan-Apr 1982), v. 9 (May-Sept 1982), v. 10 (May-Sept 1983), v. 10 (Oct-Dec 1983), v. 11
                                (Jan-Apr 1984), v. 11 (May-July 1989), v. 11 (Aug-Dec 1984), v. 12 (Jan-Mar 1985), v. 12
                                (Apr-June 1985), v. 12 (July-Sept 1985), v. 12 (Oct-Dec 1985), v. 13 (Jan-Mar 1986), v.
                                13 (Apr-June 1986), v. 13 (July-Sept 1986), v. 13 (Oct-Dec 1986), v. 14 (Jan-June 1987)
                                (inc.), v. 14 (July-Sept 1987), v. 14 (Oct-Dec 1987), v. 15 (Apr-June 1988), v. 15
                                (Jan-Mar 1988), v. 15 (July-Oct 1988), v. 15 (Nov-Dec 1988), v. 16 (Jan-Mar 1989), v. 16
                                (Apr-June 1989), v. 16 (July-Oct 1989), v. 16 (Nov-Dec 1989), v. 17 (Jan-Mar 1990), v.
                                17 (Apr-June 1990), v. 17 (July-Oct 1990), v. 17 (Nov-Dec 1990), v. 18 (Jan-Mar 1991)
                                index, v. 18 (Apr-June 1991), v. 18 (July-Sept 1991), v. 19 (Jan-Mar 1992), v. 19
                                (Apr-June 1992), v. 19 (July-Sept 1992), v. 19 (Oct-Dec 1992) index, v. 20 (Jan-Mar
                                1993), v. 20 (Apr-June 1993), v. 20 (July-Sept 1993), v. 20 (Oct-Dec 1993) index, v. 21
                                (Jan-Mar 1994), v. 21 (Apr-June 1994), v. 21 (July-Sept 1994), v. 21 (Oct-Dec 1994), v.
                                22 (Jan-Mar 1995), v. 22 (Apr-June 1995), v. 22 (July-Sept 1995), v. 22 (Oct-Dec 1995),
                                v. 23 (Jan-Mar 1996), v. 23 (Apr-June 1996), v. 23 (July-Sept 1996), v. 23 (Oct-Dec
                                1996), v. 24 (Jan-Mar 1997), v. 24 (July-Oct 1997), v. 24 (Nov-Dec 1997), v. 24
                                (Apr-June 1997), v. 25 (Jan-Mar 1998), v. 25 (Oct-Dec 1998), v. 25 (July-Sept 1998), v.
                                25 (Apr-June 1998), v. 26 (Apr-June 1999), v. 26 (July-Sept 1999), v. 26 (Jan-Mar 1999),
                                v. 26 (Oct-Dec 1999), v. 27 (Aug-Dec 2000), v. 27 (Jan-Apr 2000), v. 30 (Jan-Apr 2003),
                                v. 30 (May-Sept 2003), v. 31 (Jan-Apr 2004), v. 31 (May-Sept 2004), v. 30 (Oct-Dec 2003)
                                &amp; Index, v. 31 (Oct-Dec 2004), v. 18 (Oct-Dec 1991) index
                            </subfield>
                        </datafield>
                    </record>
                </collection>
            </content>
            <items>
                <content>
                    <collection xmlns="http://www.loc.gov/MARC21/slim">
                        <record>
                            <datafield ind1=" " ind2=" " tag="876">
                                <subfield code="p">33433002853285</subfield>
                                <subfield code="h">In Library Use</subfield>
                                <subfield code="a">.i100748843</subfield>
                                <subfield code="j">Available</subfield>
                                <subfield code="t">1</subfield>
                                <subfield code="3">v. 17 (Apr-June 1990)</subfield>
                            </datafield>
                            <datafield ind1=" " ind2=" " tag="900">
                                <subfield code="a">Shared</subfield>
                                <subfield code="b">NA</subfield>
                            </datafield>
                        </record>
                        <record>
                            <datafield ind1=" " ind2=" " tag="876">
                                <subfield code="p">334330028533</subfield>
                                <subfield code="h">In Library Use</subfield>
                                <subfield code="a">.i100748879</subfield>
                                <subfield code="j">Available</subfield>
                                <subfield code="t">1</subfield>
                                <subfield code="3">v. 18 (Jan-Mar 1991) index</subfield>
                            </datafield>
                            <datafield ind1=" " ind2=" " tag="900">
                                <subfield code="a">Shared</subfield>
                                <subfield code="b">NA</subfield>
                            </datafield>
                        </record>
                    </collection>
                </content>
            </items>
        </holding>
    </holdings>
    <holdings>
        <holding>
            <owningInstitutionHoldingsId/>
            <content>
                <collection xmlns="http://www.loc.gov/MARC21/slim">
                    <record>
                        <datafield ind1=" " ind2="8" tag="852">
                            <subfield code="b">rc2ma</subfield>
                            <subfield code="h">JFL 95-130</subfield>
                        </datafield>
                        <datafield ind1=" " ind2=" " tag="866">
                            <subfield code="a">v. 27 (May-July 2000)</subfield>
                        </datafield>
                    </record>
                </collection>
            </content>
            <items>
                <content>
                    <collection xmlns="http://www.loc.gov/MARC21/slim">
                        <record>
                            <datafield ind1=" " ind2=" " tag="876">
                                <subfield code="p">33433017226774</subfield>
                                <subfield code="h">In Library Use</subfield>
                                <subfield code="a">.i119424642</subfield>
                                <subfield code="j">Available</subfield>
                                <subfield code="t">1</subfield>
                                <subfield code="3">v. 26 (Jan-Mar 1999)</subfield>
                            </datafield>
                            <datafield ind1=" " ind2=" " tag="900">
                                <subfield code="a">Shared</subfield>
                                <subfield code="b">NA</subfield>
                            </datafield>
                        </record>
                        <record>
                            <datafield ind1=" " ind2=" " tag="876">
                                <subfield code="p">33433023831724</subfield>
                                <subfield code="h">In Library Use</subfield>
                                <subfield code="a">.i119424654</subfield>
                                <subfield code="j">Available</subfield>
                                <subfield code="t">1</subfield>
                                <subfield code="3">v. 26 (Oct-Dec 1999)</subfield>
                            </datafield>
                            <datafield ind1=" " ind2=" " tag="900">
                                <subfield code="a">Shared</subfield>
                                <subfield code="b">NA</subfield>
                            </datafield>
                        </record>
                    </collection>
                </content>
            </items>
        </holding>
    </holdings>
</bibRecord>